<record xmlns="http://www.loc.gov/MARC21/slim" xmlns:xsi="http://www.w3.org/2001/XMLSchema-instance" xsi:schemaLocation="http://www.loc.gov/MARC21/slim http://www.loc.gov/standards/marcxml/schema/MARC21slim.xsd"><leader>     nam a22        4500</leader><controlfield tag="001">001689273</controlfield><controlfield tag="003">NNU</controlfield><controlfield tag="006">m        d        </controlfield><controlfield tag="007">cr cn |||m|||a</controlfield><controlfield tag="008">150313s1936    ua      o     000 0 ara d</controlfield><datafield ind1=" " ind2=" " tag="040"><subfield code="a">NNU</subfield><subfield code="b">eng</subfield><subfield code="c">NNU</subfield></datafield><datafield ind1=" " ind2=" " tag="050"><subfield code="a">BP50</subfield><subfield code="b">.A4</subfield></datafield><datafield ind1=" " ind2=" " tag="066"><subfield code="c">(3</subfield></datafield><datafield ind1=" " ind2=" " tag="090"><subfield code="a">BP50</subfield><subfield code="b">.A4</subfield></datafield><datafield ind1="1" ind2=" " tag="100"><subfield code="6">880-01</subfield><subfield code="a">&#256;l Ibr&#257;h&#299;m, &#7716;ab&#299;b</subfield></datafield><datafield ind1="1" ind2="3" tag="245"><subfield code="6">880-02</subfield><subfield code="a">al-Ma&#7789;&#257;lib al-muhimmah f&#299; m&#257; yata&#699;allaqu bi-al-Qur&#700;&#257;n wa-al-&#7717;ad&#299;th wa-al-Nab&#299; wa-al-a&#700;immah</subfield><subfield code="h">[electronic resource] /</subfield><subfield code="c">katabah&#257; &#7716;ab&#299;b &#256;l Ibr&#257;h&#299;m.</subfield></datafield><datafield ind1=" " ind2=" " tag="260"><subfield code="6">880-03</subfield><subfield code="a">&#7778;ayd&#257; :</subfield><subfield code="b">Ma&#7789;ba&#699;at al-&#699;Irf&#257;n,</subfield><subfield code="c">1936.</subfield></datafield><datafield ind1=" " ind2=" " tag="300"><subfield code="a">online resource (84 p.)</subfield></datafield><datafield ind1=" " ind2=" " tag="500"><subfield code="a">Part of the Arabic Collections Online (ACO) project, contributed by New York Univeristy Libraries.</subfield></datafield><datafield ind1=" " ind2=" " tag="533"><subfield code="a">Electronic reproduction.</subfield><subfield code="b">New York, N.Y. :</subfield><subfield code="c">New York University,</subfield><subfield code="d">2015.</subfield><subfield code="5">NNU</subfield></datafield><datafield ind1=" " ind2="0" tag="650"><subfield code="a">Islam</subfield><subfield code="x">History.</subfield></datafield><datafield ind1="2" ind2=" " tag="710"><subfield code="a">New York University.</subfield><subfield code="b">Libraries.</subfield></datafield><datafield ind1="0" ind2=" " tag="730"><subfield code="a">Arabic Collections Online.</subfield></datafield><datafield ind1="0" ind2="8" tag="776"><subfield code="i">Print version:</subfield><subfield code="a">&#256;l Ibr&#257;h&#299;m, &#7716;ab&#299;b 880-01</subfield><subfield code="t">al-Ma&#7789;&#257;lib al-muhimmah f&#299; m&#257; yata&#699;allaqu bi-al-Qur&#700;&#257;n wa-al-&#7717;ad&#299;th wa-al-Nab&#299; wa-al-a&#700;immah</subfield><subfield code="w">(NNU)001689273</subfield></datafield><datafield ind1="4" ind2="0" tag="856"><subfield code="u">http://hdl.handle.net/2333.1/jsxksqc7</subfield></datafield><datafield ind1="1" ind2=" " tag="880"><subfield code="6">100-01/</subfield><subfield code="a">&#1570;&#1604; &#1575;&#1576;&#1585;&#1575;&#1607;&#1610;&#1605;&#1548; &#1581;&#1576;&#1610;&#1576;.</subfield></datafield><datafield ind1="1" ind2="2" tag="880"><subfield code="6">245-02/</subfield><subfield code="a">&#1575;&#1604;&#1605;&#1591;&#1575;&#1604;&#1576; &#1575;&#1604;&#1605;&#1607;&#1605;&#1577; &#1601;&#1609; &#1605;&#1575; &#1610;&#1578;&#1593;&#1604;&#1602; &#1576;&#1575;&#1604;&#1602;&#1585;&#1570;&#1606; &#1608;&#1575;&#1604;&#1581;&#1583;&#1610;&#1579; &#1608;&#1575;&#1604;&#1606;&#1576;&#1610; &#1608;&#1575;&#1604;&#1571;&#1574;&#1605;&#1577; /</subfield><subfield code="c">&#1603;&#1578;&#1576;&#1607;&#1575; &#1581;&#1576;&#1610;&#1576; &#1570;&#1604; &#1575;&#1576;&#1585;&#1575;&#1607;&#1610;&#1605;.</subfield></datafield><datafield ind1=" " ind2=" " tag="880"><subfield code="6">260-03/</subfield><subfield code="a">&#1589;&#1610;&#1583;&#1575; :</subfield><subfield code="b">&#1605;&#1591;&#1576;&#1593;&#1577; &#1575;&#1604;&#1593;&#1585;&#1601;&#1575;&#1606;&#1548;</subfield><subfield code="c">&#1633;&#1641;&#1635;&#1638;.</subfield></datafield><datafield ind1=" " ind2=" " tag="959"><subfield code="a">NNU</subfield><subfield code="b">WEB</subfield><subfield code="c">GENI</subfield><subfield code="t">0</subfield><subfield code="m">Electronic access</subfield><subfield code="s">01</subfield></datafield><datafield ind1=" " ind2=" " tag="999"><subfield code="i">NNU_001689273</subfield><subfield code="s">nyu_aco000616</subfield></datafield></record>